@inproceedings{Xu09,
    author = {Xu, Wei and Huang, Ling and Fox, Armando and Patterson, David and Jordan, Michael I.},
    title = {Detecting Large-scale System Problems by Mining Console Logs},
    booktitle = {Proceedings of the ACM SIGOPS 22Nd Symposium on Operating Systems Principles},
    series = {SOSP '09},
    year = {2009},
    isbn = {978-1-60558-752-3},
    location = {Big Sky, Montana, USA},
    pages = {117--132},
    numpages = {16},
    url = {http://doi.acm.org/10.1145/1629575.1629587},
    doi = {10.1145/1629575.1629587},
    acmid = {1629587},
    publisher = {ACM},
    address = {New York, NY, USA},
    keywords = {console log analysis, monitoring, pca, problem detection, source code analysis, statistical learning, tracing},
}

@ARTICLE{Lloyd82, 
    author={Lloyd, S.}, 
    journal={Information Theory, IEEE Transactions on}, 
    title={Least squares quantization in PCM}, 
    year={1982}, 
    volume={28}, 
    number={2}, 
    pages={129-137}, 
    keywords={Least-squares approximation;PCM communication;Quantization (signal);Signal
        quantization;Amplitude modulation;Frequency;Helium;Laplace equations;Least squares
            methods;Phase change materials;Pulse modulation;Quantization;Sampling methods;Voltage}, 
    doi={10.1109/TIT.1982.1056489}, 
    ISSN={0018-9448},
}

@article {Fenwick94,
    author = {Fenwick, Peter M.},
    title = {A new data structure for cumulative frequency tables},
    journal = {Software: Practice and Experience},
    volume = {24},
    number = {3},
    publisher = {John Wiley & Sons, Ltd.},
    issn = {1097-024X},
    url = {http://dx.doi.org/10.1002/spe.4380240306},
    doi = {10.1002/spe.4380240306},
    pages = {327--336},
    keywords = {Binary indexed tree, Arithmetic coding, Cumulative frequencies},
    year = {1994},
}

@article{scikit-learn,
    title={Scikit-learn: Machine Learning in {P}ython},
    author={Pedregosa, F. and Varoquaux, G. and Gramfort, A. and Michel, V.
        and Thirion, B. and Grisel, O. and Blondel, M. and Prettenhofer, P.
            and Weiss, R. and Dubourg, V. and Vanderplas, J. and Passos, A. and
            Cournapeau, D. and Brucher, M. and Perrot, M. and Duchesnay, E.},
    journal={Journal of Machine Learning Research},
    volume={12},
    pages={2825--2830},
    year={2011}
}

@inproceedings{kmeans,
    added-at = {2007-08-23T16:58:27.000+0200},
    author = {MacQueen, J. B.},
    biburl = {http://www.bibsonomy.org/bibtex/25dcdb8cd9fba78e0e791af619d61d66d/gromgull},
    booktitle = {Proc. of the fifth Berkeley Symposium on Mathematical Statistics and Probability},
    editor = {Cam, L. M. Le and Neyman, J.},
    interhash = {8d7d4dfe7d3a06b8c9c3c2bb7aa91e28},
    intrahash = {5dcdb8cd9fba78e0e791af619d61d66d},
    keywords = {kmeans},
    pages = {281-297},
    publisher = {University of California Press},
    timestamp = {2007-08-23T16:58:27.000+0200},
    title = {Some Methods for Classification and Analysis of MultiVariate Observations},
    volume = 1,
    year = 1967
}

@article{D311,
  title = {D3: Data-Driven Documents},
  author = {Michael Bostock AND Vadim Ogievetsky AND Jeffrey Heer},
  journal = {IEEE Trans. Visualization \& Comp. Graphics (Proc. InfoVis)},
  year = {2011},
  url = {http://vis.stanford.edu/papers/d3}
}

@article{Massie04,
    title = "The ganglia distributed monitoring system: design, implementation, and experience ",
    journal = "Parallel Computing ",
    volume = "30",
    number = "7",
    pages = "817 - 840",
    year = "2004",
    note = "",
    issn = "0167-8191",
    doi = "http://dx.doi.org/10.1016/j.parco.2004.04.001",
    url = "http://www.sciencedirect.com/science/article/pii/S0167819104000535",
    author = "Matthew L Massie and Brent N Chun and David E Culler",
    keywords = "Monitoring",
    keywords = "Clusters",
    keywords = "Distributed systems "
}

@MISC{Oetiker99,
    author = {Oetiker, Tobias},
    title = {RRDtool},
    year = {1999},
    howpublished={\url{http://oss.oetiker.ch/rrdtool/}}
}
